@MISC{Nguyen02,
    author = {Duc Quang Nguyen and Ronald Fedkiw and Henrik Wann Jensen},
    title = {Physically Based Modelling and Animation of Fire},
    year = {2002}
}

@MISC{wrinkled,
    author = {Jeong-Mo Hong and Tamar Shinar and Ronald Fedkiw},
    title = {Wrinkled Flames and Cellular Patterns},
    year = {2007}
}

@MISC{Ghost,
    author = {Ronald Fedkiw and Tariq Aslam and Barry Merriman and Stanley Osher},
    title = {A Non-oscillatory Eulerian Approach to Interfaces in Multi material Flows (the Ghost Fluid Method)},
    year = {1999}
}

@Article{CAT02,
	title  = {LMS color space, CAT02},
	year = {2013},
	note  = "\url{http://en.wikipedia.org/wiki/LMS_color_space}"
}

@Article{CIE,
	title = {CIE standard observer},
	year = {1931},
	note = "\url{http://www.cis.rit.edu/mcsl/online/cie.php}"
}

@Article{sRGB,
	title = {sRGB},
	year = {2013},
	note = "\url{http://en.wikipedia.org/wiki/SRGB}"
}

@Article{blackbody,
	title = {Blackbody},
	year = {2013},
	note = "\url{http://www.exo.net/~pauld/workshops/Stars/Stars.htm}"
}

@MISC{foster,
	author = {Nick Foster and Dimitri Metaxas},
	title = {Realistic Animations of Liquids},
	year = {1995}
}

@book{bridson,
	title = {Fluid Simulation for
Computer Graphics},
	author = {Robert Bridson},
	year = {2008}
}

@MISC{CFL,
    author = {R. Courant, K. Friedrichs, and H. Lewy},
    title = { \"{U}ber die partiellen differenzengleichungen der mathematischen physik},
    year = {1928}
}